@inproceedings{evgeniou2004regularized,
  title={Regularized multi--task learning},
  author={Evgeniou, Theodoros and Pontil, Massimiliano},
  booktitle={KDD},
  pages={109--117},
  year={2004}
}

@inproceedings{le2014distributed,
  title={Distributed Representations of Sentences and Documents.},
  author={Le, Quoc V and Mikolov, Tomas},
  booktitle={ICML},
  pages={1188--1196},
  year={2014}
}

@inproceedings{burges2005learning,
  title={Learning to rank using gradient descent},
  author={Burges, Chris and Shaked, Tal and Renshaw, Erin and Lazier, Ari and Deeds, Matt and Hamilton, Nicole and Hullender, Greg},
  booktitle={ICML},
  pages={89--96},
  year={2005}
}

@inproceedings{xu2007adarank,
  title={Adarank: a boosting algorithm for information retrieval},
  author={Xu, Jun and Li, Hang},
  booktitle={SIGIR},
  pages={391--398},
  year={2007}
}

@article{metzler2007linear,
  title={Linear feature-based models for information retrieval},
  author={Metzler, Donald and Croft, W Bruce},
  journal={Information Retrieval},
  volume={10},
  number={3},
  pages={257--274},
  year={2007}
}

@article{wu2010adapting,
  title={Adapting boosting for information retrieval measures},
  author={Wu, Qiang and Burges, Christopher JC and Svore, Krysta M and Gao, Jianfeng},
  journal={Information Retrieval},
  volume={13},
  number={3},
  pages={254--270},
  year={2010}
}

@article{friedman2001greedy,
  title={Greedy function approximation: a gradient boosting machine},
  author={Friedman, Jerome H},
  journal={Annals of statistics},
  pages={1189--1232},
  year={2001}
}

@inproceedings{burges2006learning,
  title={Learning to rank with nonsmooth cost functions},
  author={Burges, Christopher JC and Ragno, Robert and Le, Quoc Viet},
  booktitle={NIPS},
  pages={193--200},
  year={2006}
}

@article{freund2003efficient,
  title={An efficient boosting algorithm for combining preferences},
  author={Freund, Yoav and Iyer, Raj and Schapire, Robert E and Singer, Yoram},
  journal={Journal of machine learning research},
  volume={4},
  pages={933--969},
  year={2003}
}

@inproceedings{cao2007learning,
  title={Learning to rank: from pairwise approach to listwise approach},
  author={Cao, Zhe and Qin, Tao and Liu, Tie-Yan and Tsai, Ming-Feng and Li, Hang},
  booktitle={ICML},
  pages={129--136},
  year={2007},
}


@inproceedings{guo2009named,
  title={Named entity recognition in query},
  author={Guo, Jiafeng and Xu, Gu and Cheng, Xueqi and Li, Hang},
  booktitle={SIGIR},
  pages={267--274},
  year={2009}
}

@inproceedings{yin2010building,
  title={Building taxonomy of {Web} search intents for name entity queries},
  author={Yin, Xiaoxin and Shah, Sarthak},
  booktitle={WWW},
  pages={1001--1010},
  year={2010}
}

@inproceedings{de2007overview,   
  title={Overview of the {INEX} 2007 entity ranking track},   
  author={De Vries, Arjen P and Vercoustre, Anne-Marie and Thom, James A and Craswell, Nick and Lalmas, Mounia},   
  booktitle={INEX},   
  pages={245--251},   
  year={2007}
 }

@inproceedings{demartini2008overview,   
  title={Overview of the {INEX} 2008 entity ranking track},   
  author={Demartini, Gianluca and de Vries, Arjen P and Iofciu, Tereza and Zhu, Jianhan},   
  booktitle={INEX},   
  pages={243--252},   
  year={2008}
}

@inproceedings{demartini2009overview,   
  title={Overview of the {INEX} 2009 entity ranking track},   
  author={Demartini, Gianluca and Iofciu, Tereza and De Vries, Arjen P},   
  booktitle={INEX},   
  pages={254--264},   
  year={2009}
}

@inproceedings{balog2009overview,   
  title={Overview of the {TREC} 2009 entity track},   
  author={Balog, Krisztian and Vries, Arjen P de and Serdyukov, Pavel and Thomas, Paul and Westerveld, Thijs},   
  booktitle={TREC},
  year={2009}
}

@inproceedings{balog2010overview,   
  title={Overview of the {TREC} 2010 entity track},   
  author={Balog, Krisztian and Serdyukov, Pavel and Vries, Arjen P de},   
  booktitle={TREC},
  year={2010}
}

@inproceedings{balog2011overview,   
  title={Overview of the {TREC} 2011 entity track},   
  author={Balog, Krisztian and Serdyukov, Pavel and Vries, Arjen P de},   
  booktitle={TREC},
  year={2010}
}


@inproceedings{kaptein2010entity,   
  title={Entity ranking using {Wikipedia} as a pivot},   
  author={Kaptein, Rianne and Serdyukov, Pavel and De Vries, Arjen and Kamps, Jaap},   
  booktitle={CIKM},   
  pages={69--78},   
  year={2010}
}

@inproceedings{bron2010ranking,   
  title={Ranking related entities: components and analyses},   
  author={Bron, Marc and Balog, Krisztian and De Rijke, Maarten},   
  booktitle={CIKM},   
  pages={1079--1088},   
  year={2010}
}

@inproceedings{deng2009generalized,
  title={A generalized {Co-HITS} algorithm and its application to bipartite graphs},
  author={Deng, Hongbo and Lyu, Michael R and King, Irwin},
  booktitle={KDD},
  pages={239--248},
  year={2009}
}

@article{demartini2010finding,   
title={Why finding entities in {Wikipedia} is difficult, sometimes},   
author={Demartini, Gianluca and Firan, Claudiu S and Iofciu, Tereza and Krestel, Ralf and Nejdl, Wolfgang},   
journal={Information Retrieval},   
volume={13},   
number={5},   
pages={534--567},   
year={2010}
 }
 
 @article{balog2011query,   
title={Query modeling for entity search based on terms, categories, and examples},   
author={Balog, Krisztian and Bron, Marc and De Rijke, Maarten},   
journal={ACM TOIS},   
volume={29},   
number={4},   
pages={22:1--22:31},   
year={2011}
}

@inproceedings{zhang2012summarizing,   
title={Summarizing highly structured documents for effective search interaction},   
author={Zhang, Lanbo and Zhang, Yi and Chen, Yunfei},   
booktitle={SIGIR},   
pages={145--154},   
year={2012}
}

@inproceedings{craswell2005overview,
  title={Overview of the {TREC} 2005 Enterprise Track.},
  author={Craswell, Nick and de Vries, Arjen P and Soboroff, Ian},
  booktitle={TREC},
  year={2005}
}

@inproceedings{soboroff2006overview,
  title={Overview of the {TREC} 2006 Enterprise Track.},
  author={Soboroff, Ian and de Vries, Arjen P and Craswell, Nick},
  booktitle={TREC},
  year={2006}
}

@inproceedings{bailey2007overview,
  title={Overview of the {TREC} 2007 Enterprise Track.},
  author={Bailey, Peter and De Vries, Arjen P and Craswell, Nick and Soboroff, Ian},
  booktitle={TREC},
  year={2007}
}

@techreport{balog2008overview,
  title={Overview of the {TREC} 2008 enterprise track},
  author={Balog, Krisztian and Thomas, Paul and Craswell, Nick and Soboroff, Ian and Bailey, Peter and De Vries, Arjen P},
  year={2008},
  booktitle={TREC}
}

@article{vechtomova2012domain,
  title={A domain-independent approach to finding related entities},
  author={Vechtomova, Olga and Robertson, Stephen E},
  journal={Information Processing \& Management},
  volume={48},
  number={4},
  pages={654--670},
  year={2012}
}

@article{balog2011query,
  title={Query modeling for entity search based on terms, categories, and examples},
  author={Balog, Krisztian and Bron, Marc and De Rijke, Maarten},
  journal={ACM TOIS},
  volume={29},
  number={4},
  pages={22},
  year={2011}
}

@inproceedings{ghahramani2005bayesian,
  title={Bayesian sets},
  author={Ghahramani, Zoubin and Heller, Katherine A},
  booktitle={NIPS},
  pages={22--23},
  year={2005}
}

@inproceedings{wang2007language,
  title={Language-independent set expansion of named entities using the web},
  author={Wang, Richard C and Cohen, William W},
  booktitle={ICDM},
  pages={342--350},
  year={2007}
}

@article{kang2015learning,
  title={Learning to rank related entities in Web search},
  author={Kang, Changsung and Yin, Dawei and Zhang, Ruiqiang and Torzec, Nicolas and He, Jianzhang and Chang, Yi},
  journal={Neurocomputing},
  volume={166},
  pages={309--318},
  year={2015}
}

@inproceedings{tran2015balancing,
  title={Balancing novelty and salience: Adaptive learning to rank entities for timeline summarization of high-impact events},
  author={Tran, Tuan A and Nieder{\'e}e, Claudia and Kanhabua, Nattiya and Gadiraju, Ujwal and Anand, Avishek},
  booktitle={CIKM},
  pages={1201--1210},
  year={2015}
}

@inproceedings{zhou2013learning,
  title={Learning to rank from distant supervision: Exploiting noisy redundancy for relational entity search},
  author={Zhou, Mianwei and Wang, Hongning and Change, Kevin Chen-Chuan},
  booktitle={ICDE},
  pages={829--840},
  year={2013}
}

@article{caruana1997multitask,
  title={Multitask Learning},
  author={Caruana, Rich},
  journal={Machine Learning},
  volume={28},
  number={1},
  pages={41--75},
  year={1997}
}

@article{iwanari2016ordering,
  title={Ordering concepts based on common attribute intensity},
  author={Iwanari, Tatsuya and Yoshinaga, Naoki and Kaji, Nobuhiro and Nishina, Toshiharu and Toyoda, Masashi and Kitsuregawa, Masaru},
  journal={IJCAI},
  pages={3747--3753},
  year={2016}
}

@inproceedings{takamura2015estimating,
  title={Estimating Numerical Attributes by Bringing Together Fragmentary Clues.},
  author={Takamura, Hiroya and Jun'ichi Tsujii},
  booktitle={HLT-NAACL},
  pages={1305--1310},
  year={2015}
}

@inproceedings{davidov2010extraction,
  title={Extraction and approximation of numerical attributes from the web},
  author={Davidov, Dmitry and Rappoport, Ari},
  booktitle={ACL},
  pages={1308--1317},
  year={2010}
}

@inproceedings{madaan2016numerical,
  title={Numerical Relation Extraction with Minimal Supervision.},
  author={Madaan, Aman and Mittal, Ashish and Mausam, G Ramakrishnan and Ramakrishnan, Ganesh and Sarawagi, Sunita},
  booktitle={AAAI},
  pages={2764--2771},
  year={2016}
}

@inproceedings{yu2005learning,
  title={Learning Gaussian processes from multiple tasks},
  author={Yu, Kai and Tresp, Volker and Schwaighofer, Anton},
  booktitle={ICML},
  pages={1012--1019},
  year={2005}
}

@inproceedings{lee2007learning,
  title={Learning a meta-level prior for feature relevance from multiple related tasks},
  author={Lee, Su-In and Chatalbashev, Vassil and Vickrey, David and Koller, Daphne},
  booktitle={ICML},
  pages={489--496},
  year={2007}
}

@inproceedings{daume2009bayesian,
  title={Bayesian multitask learning with latent hierarchies},
  author={Daum{\'e} III, Hal},
  booktitle={UAI},
  pages={135--142},
  year={2009}
}

@inproceedings{agarwal2010learning,
  title={Learning multiple tasks using manifold regularization},
  author={Agarwal, Arvind and Gerber, Samuel and Daume, Hal},
  booktitle={NIPS},
  pages={46--54},
  year={2010}
}

@article{argyriou2008convex,
  title={Convex multi-task feature learning},
  author={Argyriou, Andreas and Evgeniou, Theodoros and Pontil, Massimiliano},
  journal={Machine Learning},
  volume={73},
  number={3},
  pages={243--272},
  year={2008}
}

@inproceedings{jacob2009clustered,
  title={Clustered multi-task learning: A convex formulation},
  author={Jacob, Laurent and Vert, Jean-philippe and Bach, Francis R},
  booktitle={NIPS},
  pages={745--752},
  year={2009}
}

@inproceedings{kumar2012learning,
  title={Learning Task Grouping and Overlap in Multi-task Learning},
  author={Kumar, Abhishek and Daum{\'e} III, Hal},
  booktitle={ICML},
  pages={1383--1390},
  year={2012}
}

@article{pan2010survey,
  title={A Survey on Transfer Learning},
  author={Pan, Sinno Jialin and Yang, Qiang},
  journal={IEEE TKDE},
  volume={22},
  number={10},
  pages={1345--1359},
  year={2010}
}

@inproceedings{bovolo2006novel,
  title={A novel context-sensitive SVM for classification of remote sensing images},
  author={Bovolo, Francesca and Bruzzone, Lorenzo and Marconcini, Mattia},
  booktitle={IGARSS},
  pages={2498--2501},
  year={2006}
}

@article{cohen1999context,
  title={Context-sensitive learning methods for text categorization},
  author={Cohen, William W and Singer, Yoram},
  journal={ACM TOIS},
  volume={17},
  number={2},
  pages={141--173},
  year={1999}
}

@inproceedings{qi2002context,
  title={Context-sensitive Bayesian classifiers and application to mouse pressure pattern classification},
  author={Qi, Yuan and Picard, Rosalind W},
  booktitle={ICPR},
  pages={448--451},
  year={2002}
}

@article{metallinou2012context,
  title={Context-sensitive learning for enhanced audiovisual emotion classification},
  author={Metallinou, Angeliki and Wollmer, Martin and Katsamanis, Athanasios and Eyben, Florian and Schuller, Bjorn and Narayanan, Shrikanth},
  journal={IEEE TAC},
  volume={3},
  number={2},
  pages={184--198},
  year={2012}
}

@article{freund1997decision,
  title={A Decision-Theoretic Generalization of On-Line Learning and an Application to Boosting},
  author={Freund, Yoav and Schapire, Robert E},
  journal={Journal of Computer and System Sciences},
  volume={1},
  number={55},
  pages={119--139},
  year={1997}
}

@article{carterette2012multiple,
  title={Multiple testing in statistical analysis of systems-based information retrieval experiments},
  author={Carterette, Benjamin A},
  journal={ACM TOIS},
  volume={30},
  number={1},
  pages={4},
  year={2012}
}

@article{jarvelin2002cumulated,
  title={Cumulated gain-based evaluation of IR techniques},
  author={J{\"a}rvelin, Kalervo and Kek{\"a}l{\"a}inen, Jaana},
  journal={ACM TOIS},
  volume={20},
  number={4},
  pages={422--446},
  year={2002}
}

@inproceedings{hsieh2008dual,
  title={A dual coordinate descent method for large-scale linear SVM},
  author={Hsieh, Cho-Jui and Chang, Kai-Wei and Lin, Chih-Jen and Keerthi, S Sathiya and Sundararajan, Sellamanickam},
  booktitle={ICML},
  pages={408--415},
  year={2008}
}